<record><leader>00000cas a22000007a 4500</leader><controlfield tag="001">11380414</controlfield><controlfield tag="008">841113d19041921wiuwr ne      0    0eng d</controlfield><datafield ind1=" " ind2=" " tag="010"><subfield code="a">sn 84024830 </subfield></datafield><datafield ind1=" " ind2=" " tag="040"><subfield code="a">NPV</subfield><subfield code="b">eng</subfield><subfield code="c">NPV</subfield><subfield code="d">OCLCQ</subfield></datafield><datafield ind1=" " ind2=" " tag="042"><subfield code="a">msc</subfield></datafield><datafield ind1=" " ind2=" " tag="043"><subfield code="a">n-us-wi</subfield></datafield><datafield ind1=" " ind2=" " tag="045"><subfield code="a">x0x2</subfield></datafield><datafield ind1=" " ind2=" " tag="052"><subfield code="a">4123</subfield><subfield code="b">C5</subfield></datafield><datafield ind1="0" ind2="4" tag="245"><subfield code="a">The Granton news.</subfield></datafield><datafield ind1=" " ind2=" " tag="260"><subfield code="a">Granton, Wis. :</subfield><subfield code="b">F.J. Baer</subfield></datafield><datafield ind1=" " ind2=" " tag="300"><subfield code="a">v. :</subfield><subfield code="b">ill.</subfield></datafield><datafield ind1=" " ind2=" " tag="310"><subfield code="a">Weekly</subfield></datafield><datafield ind1="1" ind2=" " tag="362"><subfield code="a">Began in 1904; ceased with May 6, 1921 issue.</subfield><subfield code="z">Cf. Oehlerts, d. Guide to Wis. newspapers.</subfield></datafield><datafield ind1=" " ind2=" " tag="530"><subfield code="a">Available on microfilm from the State Historical Society of Wisconsin.</subfield></datafield><datafield ind1=" " ind2=" " tag="580"><subfield code="a">Merged with: Neillsville times and, Republican and press to form: Neillsville press.</subfield></datafield><datafield ind1=" " ind2=" " tag="588"><subfield code="a">Description based on: Vol. 9, no. 17 (Oct. 18, 1912).</subfield></datafield><datafield ind1=" " ind2=" " tag="752"><subfield code="a">United States</subfield><subfield code="b">Wisconsin</subfield><subfield code="c">Clark</subfield><subfield code="d">Granton.</subfield></datafield><datafield ind1="1" ind2="7" tag="785"><subfield code="t">Neillsville times</subfield><subfield code="w">(DLC)sn 85040914</subfield></datafield><datafield ind1="1" ind2="7" tag="785"><subfield code="t">Republican and press</subfield><subfield code="w">(DLC)sn 86086325</subfield></datafield><datafield ind1="1" ind2="7" tag="785"><subfield code="t">Neillsville press</subfield><subfield code="w">(DLC)sn 86086326</subfield></datafield></record>